@Manual{R-base,
  title = {R: A Language and Environment for Statistical Computing},
  author = {{R Core Team}},
  organization = {R Foundation for Statistical Computing},
  address = {Vienna, Austria},
  year = {2021},
  url = {https://www.R-project.org/},
}

@Manual{R-bookdown,
  title = {bookdown: Authoring Books and Technical Documents with R Markdown},
  author = {Yihui Xie},
  year = {2022},
  note = {R package version 0.26},
  url = {https://CRAN.R-project.org/package=bookdown},
}

@article{citores_etal_2020,
   author = {Citores, L. and Ibaibarriaga, L. and Lee, D. J. and Brewer, M. J. and Santos, M. and Chust, G.},
   title = {Modelling species presenceâ€“absence in the ecological niche theory framework using shape-constrained generalized additive models},
   journal = {Ecological Modelling},
   volume = {418},
   pages = {108926},
   year = {2020}
}

@article{elith_etal_2009,
   author = {Elith, Jane and Leathwick, John R.},
   title = {Species Distribution Models: Ecological Explanation and Prediction Across Space and Time},
   journal = {Annual Review of Ecology, Evolution, and Systematics},
   volume = {40},
   number = {1},
   pages = {677-697},
   ISSN = {1543-592X
1545-2069},
   DOI = {10.1146/annurev.ecolsys.110308.120159},
   year = {2009},
   type = {Journal Article}
}
